@online{bacigalPokrocileMetody,
  author    = {Tomáš Bacigál},
  title     = {Pokročilé metódy štatistického modelovania},
  year      = {2024},
  url       = {https://tomas-bacigal.quarto.pub/pokrocile-metody-statistickeho-modelovania/}
}

@book{kleinPokrocileStatistickeMetody,
  author    = {Dušan Klein},
  title     = {Pokročilé štatistické metódy},
  year      = {2020},
  publisher = {Univerzita Pavla Jozefa Šafárika v Košiciach},
  url       = {https://unibook.upjs.sk/img/cms/2020/pf/pokrocile-statisticke-metody.pdf}
}

@online{geeksforgeeksNonlinearRegression,
  author    = {{GeeksforGeeks}},
  title     = {Understanding Nonlinear Regression with Examples},
  year      = {2024},
  month     = {január},
  day       = {31},
  url       = {https://www.geeksforgeeks.org/non-linear-regression-examples-ml/}
}

@online{aleskoPravdepodobnostAStatistika,
  author    = {Andrej Leško},
  title     = {Pravdepodobnosť a štatistika - Prednáška 4},
  year      = {2024},
  url       = {https://frcatel.fri.uniza.sk/~alesko/PaS/prednaska4.pdf}
}

@online{siegristQuantileFunctions,
  author    = {Jeffrey S. Siegrist},
  title     = {Distribution and Quantile Functions},
  year      = {2024},
  url       = {https://stats.libretexts.org/Bookshelves/Probability_Theory/Probability_Mathematical_Statistics_and_Stochastic_Processes_(Siegrist)/03%3A_Distributions/3.06%3A_Distribution_and_Quantile_Functions}
}

@online{psuConditionalExpectation,
  author    = {Penn State University},
  title     = {19.3 - Conditional Expectation},
  year      = {2024},
  url       = {https://online.stat.psu.edu/stat414/lesson/19/19.3},
  note      = {STAT 414: Introduction to Probability Theory, The Pennsylvania State University},
  institution = {The Pennsylvania State University}
}

@incollection{fitzenbergerQuantileRegression,
  author    = {Bernd Fitzenberger and Ralf A. Wilke},
  title     = {Quantile Regression Methods},
  booktitle = {Emerging Trends in the Social and Behavioral Sciences},
  editor    = {Robert A. Scott and Marlis C. Buchmann and Stephen M. Kosslyn},
  publisher = {John Wiley \& Sons},
  year      = {2015},
  pages     = {1--14},
  doi       = {10.1002/9781118900772.etrds0264},
  url       = {https://doi.org/10.1002/9781118900772.etrds0264}
}
